@book{Karmasin_2019,
	author={Karmasin, Matthias and Ribing, Rainer},
	title={Die Gestaltung wissenschaftlicher Arbeiten. Ein Leitfaden für Facharbeit/VWA, Seminararbeiten, Bachelor-, Master-, Magister- und 
	Diplomarbeiten sowie Dissertationen},
	edition={10., überarbeitete und aktualisierte Auflage},
	publisher={facultas},
	location={Wien},
	year={2019}
}

@book{Ashbourn_2020,
	author={Ashbourn, Julian},
	title={Audio Technology, Music, and Media},
	edition={1.},
	publisher={Springer Cham},
	location={Berkhamsted},
	year={2020}
}

@book{fundamentals_of_music_processing,
	author={Müller, Meinard},
	title={Fundamentals of Music Processing},
	edition={2.},
	publisher={Springer Cham},
	location={Erlangen},
	year={2021}
}

@online{ manipulate_audio_file,
	author = "{Ken}",
	title = "{Manipulate Audio File in Python With 6 Powerful Tips}",
	year = "2021",
	month = "10",
	url = "https://www.codeforests.com/2021/10/02/manipulate-audio-file-in-python/",
	note = "Abgerufen am 31.08.2024"
}

@online{ music_extraction,
	author = "{Stephen William}",
	title = "{Music Extraction}",
	year = "2021",
	month = "10",
	url = "https://medium.com/@swilliam.productions/music-extraction-7eb352d92bff",
	note = "Abgerufen am 31.08.2024"
}

@online{ librosa,
	title = "{Librosa}",
	url = "https://github.com/librosa",
	note = "Abgerufen am 31.08.2024"
}

@online{ wav,
	author = "{e-teaching.org}",
	title = "{WAV}",
	url = "https://www.e-teaching.org/materialien/glossar/wav",
	note = "Abgerufen am 31.08.2024"
}

@online{ audioformate_im_überblick,
	author = "{Lehrerinnenfortbildung Baden-Württemberg}",
	title = "{Audioformate im Überblick}",
	url = "https://lehrerfortbildung-bw.de/st_digital/medienwerkstatt/multimedia/audio/formate/",
	note = "Abgerufen am 31.08.2024"
}

@online{ what_is_a_wav_file,
	author = "{Roxio}",
	title = "{What is a WAV file?}",
	url = "https://www.roxio.com/en/file-formats/wav-file/",
	note = "Abgerufen am 31.08.2024"
}

@online{ digital_representation,
	author = "{Electronic Music Interactive}",
	title = "{Digital Representation}",
	url = "https://pages.uoregon.edu/emi/8.php#:~:text=A%20digital%20representation%20of%20sound%20is%20a%20series%20of%20discrete,spaced%20measurements%20is%20a%20sample%20.",
	note = "Abgerufen am 31.08.2024"
}

@online{ what_is_audio_compression,
	author = "{Audioengine}",
	title = "{What Is Audio Compression (And Why Should You Care)?}",
	url = "https://audioengine.com/explore/what-is-audio-compression-and-why-should-you-care/",
	note = "Abgerufen am 31.08.2024"
}

@online{ FFT_grundlagen,
	author = "{NTi Audio}",
	title = "{Fast Fourier Transformation FFT - Grundlagen}",
	url = "https://www.nti-audio.com/de/service/wissen/fast-fourier-transformation-fft",
	note = "Abgerufen am 31.08.2024"
}

@online{wavelets,
	author = "{Artem Kirsanov}",
	year = "2022",
	month = "8",
	title = "{Wavelets: a mathematical microscope}",
	url = "https://youtu.be/jnxqHcObNK4?si=1VZPZquUYXSuI4vN",
	note = "Abgerufen am 19.08.2024"
}

@online{sheet_music_representations,
	author = "{Meinard Müller and Vlora Arifi-Müller}",
	title = "{Sheet Music Representations}",
	url = "https://www.audiolabs-erlangen.de/resources/MIR/FMP/C1/C1S1_SheetMusic.html",
	note = "Abgerufen am 19.08.2024"
}